<record><leader>00000cas a2200000 a 4500</leader><controlfield tag="001">8807534</controlfield><controlfield tag="008">820925d18901969iluwr ne      0   a0eng  </controlfield><datafield ind1=" " ind2=" " tag="010"><subfield code="a">sn 82014966 </subfield></datafield><datafield ind1=" " ind2=" " tag="040"><subfield code="a">DLC</subfield><subfield code="b">eng</subfield><subfield code="c">DLC</subfield><subfield code="d">NVF</subfield><subfield code="d">OCLCQ</subfield><subfield code="d">CVF</subfield><subfield code="d">NVF</subfield><subfield code="d">DLC</subfield><subfield code="d">OCLCF</subfield><subfield code="d">NVF</subfield></datafield><datafield ind1=" " ind2=" " tag="042"><subfield code="a">pcc</subfield></datafield><datafield ind1=" " ind2=" " tag="043"><subfield code="a">n-us-il</subfield></datafield><datafield ind1="0" ind2="0" tag="050"><subfield code="a">Newspaper 7574-X</subfield></datafield><datafield ind1="0" ind2="4" tag="245"><subfield code="a">The Mt. Morris index.</subfield></datafield><datafield ind1="3" ind2=" " tag="246"><subfield code="a">Mount Morris index</subfield></datafield><datafield ind1=" " ind2=" " tag="260"><subfield code="a">Mt. Morris, Ill. :</subfield><subfield code="b">Chas. T. Coggins</subfield><subfield code="c">1890-1969.</subfield></datafield><datafield ind1=" " ind2=" " tag="300"><subfield code="a">v. :</subfield><subfield code="b">ill. ;</subfield><subfield code="c">68 cm.</subfield></datafield><datafield ind1=" " ind2=" " tag="310"><subfield code="a">Weekly</subfield></datafield><datafield ind1="0" ind2=" " tag="362"><subfield code="a">Vol. 1, no. 1 (Aug. 1, 1890)-78th year, no. 42 (Dec. 30, 1969).</subfield></datafield><datafield ind1=" " ind2=" " tag="500"><subfield code="a">Issue for Oct. 27, 1933 includes a reproduction of the front page of vol. 9, no. 8 (Sept. 7, 1898).</subfield></datafield><datafield ind1=" " ind2=" " tag="530"><subfield code="a">Available on microfilm;</subfield><subfield code="b">Illinois State Historical Library.</subfield></datafield><datafield ind1=" " ind2=" " tag="580"><subfield code="a">Merged with: Ogle County life (Rochelle, Ill. : 1968), to form: Life (Rochelle, Ill.).</subfield></datafield><datafield ind1=" " ind2="0" tag="651"><subfield code="a">Mount Morris (Ill.)</subfield><subfield code="v">Newspapers.</subfield></datafield><datafield ind1=" " ind2="7" tag="651"><subfield code="a">Illinois</subfield><subfield code="z">Mount Morris.</subfield><subfield code="2">fast</subfield><subfield code="0">(OCoLC)fst01219406</subfield></datafield><datafield ind1=" " ind2="7" tag="655"><subfield code="a">Newspapers.</subfield><subfield code="2">fast</subfield><subfield code="0">(OCoLC)fst01423814</subfield></datafield><datafield ind1=" " ind2=" " tag="752"><subfield code="a">United States</subfield><subfield code="b">Illinois</subfield><subfield code="c">Ogle</subfield><subfield code="d">Mount Morris.</subfield></datafield><datafield ind1="0" ind2="5" tag="780"><subfield code="t">Mount Morris news</subfield><subfield code="g">1901</subfield><subfield code="w">(DLC)sn 93055378</subfield><subfield code="w">(OCoLC)27261054</subfield></datafield><datafield ind1="1" ind2="7" tag="785"><subfield code="t">Ogle County life (Rochelle, Ill. : 1968)</subfield></datafield><datafield ind1="1" ind2="7" tag="785"><subfield code="t">Life (Rochelle, Ill.)</subfield><subfield code="w">(DLC)sn 93055379</subfield><subfield code="w">(OCoLC)27261675</subfield></datafield><datafield ind1="1" ind2=" " tag="029"><subfield code="a">AU@</subfield><subfield code="b">000025824647</subfield></datafield></record>